<record><leader>01481cam a2200433Ma 4500</leader><controlfield tag="001">9938036613607636</controlfield><controlfield tag="005">20230110130056.0</controlfield><controlfield tag="008">101010s2010    ko a   e      000 1 kor  </controlfield><datafield ind1=" " ind2=" " tag="020"><subfield code="a">9788983923516</subfield></datafield><datafield ind1=" " ind2=" " tag="020"><subfield code="a">8983923512</subfield></datafield><datafield ind1=" " ind2=" " tag="035"><subfield code="a">(AuCNLKIN)000072588151</subfield></datafield><datafield ind1=" " ind2=" " tag="035"><subfield code="a">3803661</subfield></datafield><datafield ind1=" " ind2=" " tag="035"><subfield code="a">(OCoLC)680384293</subfield></datafield><datafield ind1=" " ind2=" " tag="035"><subfield code="a">(Voyager)3803661-slvdb-Voyager</subfield></datafield><datafield ind1=" " ind2=" " tag="040"><subfield code="a">AU@</subfield><subfield code="b">eng</subfield><subfield code="c">AU@</subfield><subfield code="d">OCLCQ</subfield><subfield code="d">OCLCF</subfield><subfield code="d">OCLCO</subfield><subfield code="d">VSL</subfield><subfield code="d">VSL</subfield><subfield code="d">VSL</subfield><subfield code="d">VSL</subfield></datafield><datafield ind1="1" ind2=" " tag="041"><subfield code="a">kor</subfield><subfield code="h">eng</subfield></datafield><datafield ind1="1" ind2=" " tag="100"><subfield code="a">Hartnett, Sonya,</subfield><subfield code="d">1968-</subfield></datafield><datafield ind1="1" ind2="0" tag="240"><subfield code="a">Ghost's child.</subfield><subfield code="l">Korean</subfield></datafield><datafield ind1="1" ind2="0" tag="245"><subfield code="6">880-01</subfield><subfield code="a">Gosŭt'ŭ ch'aildŭ =</subfield><subfield code="b">The ghost's child /</subfield><subfield code="c">Sonya Hat'ŭnes ; Kim ŭn-kyŏng omgim.</subfield></datafield><datafield ind1="1" ind2="0" tag="880"><subfield code="6">245-01</subfield><subfield code="a">고스트 차일드 =</subfield><subfield code="b">The ghost's child /</subfield><subfield code="c">소냐 하트넷 ; 김은경 옮김.</subfield></datafield><datafield ind1="3" ind2="1" tag="246"><subfield code="a">Ghost's child</subfield></datafield><datafield ind1=" " ind2=" " tag="250"><subfield code="6">880-02</subfield><subfield code="a">Cho'p'an.</subfield></datafield><datafield ind1=" " ind2=" " tag="880"><subfield code="6">250-02</subfield><subfield code="a">초판.</subfield></datafield><datafield ind1=" " ind2=" " tag="260"><subfield code="6">880-03</subfield><subfield code="a">P'aju :</subfield><subfield code="b">Munhaksuch'ŏb,</subfield><subfield code="c">2010.</subfield></datafield><datafield ind1=" " ind2=" " tag="880"><subfield code="6">260-03</subfield><subfield code="a">파주 :</subfield><subfield code="b">문학수첩,</subfield><subfield code="c">2010.</subfield></datafield><datafield ind1=" " ind2=" " tag="300"><subfield code="a">223 pages :</subfield><subfield code="b">illustrations ;</subfield><subfield code="c">20 cm</subfield></datafield><datafield ind1=" " ind2=" " tag="336"><subfield code="a">text</subfield><subfield code="b">txt</subfield><subfield code="2">rdacontent</subfield></datafield><datafield ind1=" " ind2=" " tag="337"><subfield code="a">unmediated</subfield><subfield code="b">n</subfield><subfield code="2">rdamedia</subfield></datafield><datafield ind1=" " ind2=" " tag="338"><subfield code="a">volume</subfield><subfield code="b">nc</subfield><subfield code="2">rdacarrier</subfield></datafield><datafield ind1=" " ind2=" " tag="500"><subfield code="a">Translation of: The ghost's child.</subfield></datafield><datafield ind1=" " ind2=" " tag="546"><subfield code="a">In Korean.</subfield></datafield><datafield ind1=" " ind2=" " tag="590"><subfield code="a">Donated by Sonya Hartnett, 2015.</subfield></datafield><datafield ind1=" " ind2="7" tag="655"><subfield code="a">Fantasy fiction.</subfield><subfield code="2">lcgft</subfield></datafield><datafield ind1=" " ind2="7" tag="655"><subfield code="a">Fantasy fiction.</subfield><subfield code="2">fast</subfield><subfield code="0">(OCoLC)fst01726607</subfield></datafield><datafield ind1="1" ind2=" " tag="700"><subfield code="6">880-04</subfield><subfield code="a">Kim, ŭn-kyŏng.</subfield></datafield><datafield ind1="1" ind2=" " tag="880"><subfield code="6">700-04</subfield><subfield code="a">김은경.</subfield></datafield><datafield ind1=" " ind2=" " tag="947"><subfield code="a">30328116100602</subfield></datafield><datafield ind1=" " ind2=" " tag="949"><subfield code="j">RARE</subfield></datafield><datafield ind1=" " ind2=" " tag="984"><subfield code="a">VSL</subfield><subfield code="c">held</subfield></datafield></record>